@inproceedings{DBLP:conf/fct/ChlebikC03,
  author    = {Miroslav Chleb{\'{\i}}k and
               Janka Chleb{\'{\i}}kov{\'{a}}},
  editor    = {Andrzej Lingas and
               Bengt J. Nilsson},
  title     = {Inapproximability Results for Bounded Variants of Optimization Problems},
  booktitle = {Fundamentals of Computation Theory, 14th International Symposium,
               {FCT} 2003, Malm{\"{o}}, Sweden, August 12-15, 2003, Proceedings},
  series    = {Lecture Notes in Computer Science},
  volume    = {2751},
  pages     = {27--38},
  publisher = {Springer},
  year      = {2003},
  url       = {https://doi.org/10.1007/978-3-540-45077-1\_4},
  doi       = {10.1007/978-3-540-45077-1\_4},
  timestamp = {Sat, 19 Oct 2019 20:30:31 +0200},
  biburl    = {https://dblp.org/rec/conf/fct/ChlebikC03.bib},
  bibsource = {dblp computer science bibliography, https://dblp.org}
}
